

@article{ellyne2011,
  title={What is the SARB's inflation targeting policy, and is it appropriate?},
  author={Ellyne, Mark and Veller, Carl},
  year={2011}
}

@article{kahn2008,
  title={Challenges of inflation targeting for emerging-market economies: The South African case},
  author={Kahn, Brian},
  journal={Challenges for Monetary Policy-makers in Emerging Markets},
  year={2008}
}

@article{stiglitz2008,
  title={The failure of inflation targeting},
  author={Stiglitz, Joseph E},
  journal={Project Syndicate},
  volume={13},
  year={2008}
}

@techreport{loewald2025,
  title={Less risk and more reward revising South Africas inflation target},
  author={Loewald, Christopher and Steinbach, Rudi and Rakgalakane, Jeffrey},
  year={2025}
}


@techreport{IMF2006,
  author       = {{International Monetary Fund}},
  title        = {Inflation Targeting and the {IMF}},
  institution  = {International Monetary Fund},
  year         = {2006},
}

@techreport{StatsSA2004,
  author       = {{Statistics South Africa}},
  title        = {Consumer Price Index (CPI): Headline, November 2004},
  institution  = {Statistics South Africa},
  year         = {2004},
}

@book{honohan2022,
  title={Monetary policy in South Africa, 2007-21},
  author={Honohan, Patrick and Orphanides, Athanasios},
  number={2022/29},
  year={2022},
  publisher={WIDER Working Paper}
}

@article{muller2025,
  title={The Global Macro Database: A New International Macroeconomic Dataset},
  author={M{\"u}ller, Karsten and Xu, Chenzi and Lehbib, Mohamed and Chen, Ziliang},
  year={2025}
}

@book{van2004,
  title={Inflation targeting in South Africa},
  author={Van der Merwe, Ernie J},
  year={2004},
  publisher={South African Reserve Bank }
}
